<record><leader>00000cas a22000007a 4500</leader><controlfield tag="001">2704267</controlfield><controlfield tag="008">770127d17991806deucr ne      0    0eng  </controlfield><controlfield tag="009">466</controlfield><datafield ind1=" " ind2=" " tag="010"><subfield code="a">sn 84020402 </subfield><subfield code="z">   76644893 </subfield></datafield><datafield ind1=" " ind2=" " tag="040"><subfield code="a">DLC</subfield><subfield code="b">eng</subfield><subfield code="c">DLC</subfield><subfield code="d">NPU</subfield><subfield code="d">NPX</subfield><subfield code="d">DLC</subfield><subfield code="d">DEX</subfield><subfield code="d">NVK</subfield><subfield code="d">OCL</subfield><subfield code="d">KRTAS</subfield><subfield code="d">OCLCO</subfield><subfield code="d">OCLCF</subfield></datafield><datafield ind1="1" ind2=" " tag="029"><subfield code="a">AU@</subfield><subfield code="b">000020128695</subfield></datafield><datafield ind1=" " ind2=" " tag="042"><subfield code="a">msc</subfield></datafield><datafield ind1="0" ind2="0" tag="050"><subfield code="a">Newspaper 7269-X</subfield></datafield><datafield ind1="0" ind2="0" tag="245"><subfield code="a">Mirror of the times &amp; general advertiser.</subfield></datafield><datafield ind1="1" ind2="0" tag="246"><subfield code="a">Mirror of the times and general advertiser</subfield></datafield><datafield ind1=" " ind2=" " tag="260"><subfield code="a">Wilmington, Del. :</subfield><subfield code="b">James Wilson,</subfield></datafield><datafield ind1=" " ind2=" " tag="300"><subfield code="a">v. ;</subfield><subfield code="c">47 cm.</subfield></datafield><datafield ind1=" " ind2=" " tag="310"><subfield code="a">Semiweekly</subfield></datafield><datafield ind1="0" ind2=" " tag="362"><subfield code="a">Vol. 1, no. 1 (Nov. 20, 1799)-v. 7, no. 680 (Aug. 22, 1806).</subfield></datafield><datafield ind1=" " ind2=" " tag="515"><subfield code="a">Suspended Apr. 2-May l4, June 21-July 23, 1806.</subfield></datafield><datafield ind1=" " ind2=" " tag="530"><subfield code="a">Also available on microopaque from Readex Microprint Corp.</subfield></datafield><datafield ind1=" " ind2="0" tag="651"><subfield code="a">Wilmington (Del.)</subfield><subfield code="v">Newspapers.</subfield></datafield><datafield ind1=" " ind2="7" tag="655"><subfield code="a">Newspapers.</subfield><subfield code="2">fast</subfield><subfield code="0">(OCoLC)fst01423814</subfield></datafield><datafield ind1=" " ind2="7" tag="651"><subfield code="a">Delaware</subfield><subfield code="z">Wilmington.</subfield><subfield code="2">fast</subfield><subfield code="0">(OCoLC)fst01203983</subfield></datafield><datafield ind1=" " ind2=" " tag="752"><subfield code="a">United States</subfield><subfield code="b">Delaware</subfield><subfield code="c">New Castle</subfield><subfield code="d">Wilmington.</subfield></datafield><datafield ind1="0" ind2="0" tag="780"><subfield code="t">Delaware gazette (Wilmington, Del. : 1791)</subfield><subfield code="w">(DLC)sn 84027020</subfield></datafield><datafield ind1=" " ind2=" " tag="938"><subfield code="a">Kirtas Technologies, Inc.</subfield><subfield code="b">KRTS</subfield><subfield code="n">735768</subfield></datafield></record>